{"bids": [[7367.73, 0.02713], [7365.0, 1.0], [7364.27, 0.9926], [7363.52, 1.0], [7361.6, 1.0], [7359.7, 1.0], [7358.84, 0.99], [7357.45, 5.5151], [7357.01, 2.3], [7356.93, 2.3]], "asks": [[7370.02, 1.35043148], [7370.52, 0.13734879], [7370.53, 6.0], [7372.2, 0.11], [7372.32, 7.332e-05], [7372.49, 0.00040692], [7374.88, 7.332e-05], [7375.47, 3.64121981], [7376.45, 0.544], [7376.67, 1.0]], "ts": 1577626516442}
{"bids": [[7367.73, 0.02713], [7365.0, 1.0], [7364.27, 0.9926], [7363.52, 1.0], [7361.6, 1.0], [7359.7, 1.0], [7358.84, 0.99], [7357.45, 5.5151], [7357.01, 2.3], [7356.93, 2.3]], "asks": [[7370.02, 1.35043148], [7370.52, 0.13734879], [7370.53, 6.0], [7372.2, 0.11], [7372.32, 7.332e-05], [7372.49, 0.00040692], [7374.88, 7.332e-05], [7375.47, 3.64121981], [7376.45, 0.544], [7376.67, 1.0]], "ts": 1577626516446}
{"bids": [[7367.73, 0.02713], [7365.0, 1.0], [7364.27, 0.9926], [7363.52, 1.0], [7361.6, 1.0], [7359.7, 1.0], [7358.84, 0.99], [7357.45, 5.5151], [7357.01, 2.3], [7356.93, 2.3]], "asks": [[7370.02, 1.35043148], [7370.52, 0.13734879], [7370.53, 6.0], [7372.2, 0.11], [7372.32, 7.332e-05], [7372.49, 0.00040692], [7374.53, 1.0], [7374.88, 7.332e-05], [7375.47, 3.64121981], [7376.45, 0.544]], "ts": 1577626516448}
{"bids": [[7367.73, 0.02713], [7365.0, 1.0], [7363.52, 1.0], [7361.6, 1.0], [7359.7, 1.0], [7358.84, 0.99], [7357.45, 5.5151], [7357.01, 2.3], [7356.93, 2.3]], "asks": [[7370.02, 1.35043148], [7370.52, 0.13734879], [7370.53, 6.0], [7372.2, 0.11], [7372.32, 7.332e-05], [7372.49, 0.00040692], [7374.53, 1.0], [7374.88, 7.332e-05], [7375.47, 3.64121981], [7376.45, 0.544]], "ts": 1577626516450}
{"bids": [[7367.73, 0.02713], [7365.0, 1.9966], [7363.52, 1.0], [7361.6, 1.0], [7359.7, 1.0], [7358.84, 0.99], [7357.45, 5.5151], [7357.01, 2.3], [7356.93, 2.3]], "asks": [[7370.02, 1.35043148], [7370.52, 0.13734879], [7370.53, 6.0], [7372.2, 0.11], [7372.32, 7.332e-05], [7372.49, 0.00040692], [7374.53, 1.0], [7374.88, 7.332e-05], [7375.47, 3.64121981], [7376.45, 0.544]], "ts": 1577626516451}
{"bids": [[7367.73, 0.02713], [7365.0, 1.9966], [7363.52, 1.0], [7361.6, 1.0], [7358.84, 0.99], [7357.45, 5.5151], [7357.01, 2.3], [7356.93, 2.3]], "asks": [[7370.02, 1.35043148], [7370.52, 0.13734879], [7370.53, 6.0], [7372.2, 0.11], [7372.32, 7.332e-05], [7372.49, 0.00040692], [7374.53, 1.0], [7374.88, 7.332e-05], [7375.47, 3.64121981], [7376.45, 0.544]], "ts": 1577626516452}
{"bids": [[7367.73, 0.02713], [7365.0, 1.0], [7363.52, 1.0], [7361.6, 1.0], [7358.84, 0.99], [7357.45, 5.5151], [7357.01, 2.3], [7356.93, 2.3]], "asks": [[7370.02, 1.35043148], [7370.52, 0.13734879], [7370.53, 6.0], [7372.2, 0.11], [7372.32, 7.332e-05], [7372.49, 0.00040692], [7374.53, 1.0], [7374.88, 7.332e-05], [7375.47, 3.64121981], [7376.45, 0.544]], "ts": 1577626516454}
{"bids": [[7367.73, 0.02713], [7365.0, 1.0], [7363.52, 1.0], [7358.84, 0.99], [7357.45, 5.5151], [7357.01, 2.3], [7356.93, 2.3]], "asks": [[7370.02, 1.35043148], [7370.52, 0.13734879], [7370.53, 6.0], [7372.2, 0.11], [7372.32, 7.332e-05], [7372.49, 0.00040692], [7374.53, 1.0], [7374.88, 7.332e-05], [7375.47, 3.64121981], [7376.45, 0.544]], "ts": 1577626516455}
{"bids": [[7367.73, 0.02713], [7365.0, 1.0], [7358.84, 0.99], [7357.45, 5.5151], [7357.01, 2.3], [7356.93, 2.3]], "asks": [[7370.02, 1.35043148], [7370.52, 0.13734879], [7370.53, 6.0], [7372.2, 0.11], [7372.32, 7.332e-05], [7372.49, 0.00040692], [7374.53, 1.0], [7374.88, 7.332e-05], [7375.47, 3.64121981], [7376.45, 0.544]], "ts": 1577626516456}
{"bids": [[7367.73, 0.02713], [7365.0, 1.0], [7363.29, 0.9891], [7358.84, 0.99], [7357.45, 5.5151], [7357.01, 2.3], [7356.93, 2.3]], "asks": [[7370.02, 1.35043148], [7370.52, 0.13734879], [7370.53, 6.0], [7372.2, 0.11], [7372.32, 7.332e-05], [7372.49, 0.00040692], [7374.53, 1.0], [7374.88, 7.332e-05], [7375.47, 3.64121981], [7376.45, 0.544]], "ts": 1577626516458}
{"bids": [[7367.73, 0.02713], [7363.29, 0.9891], [7358.84, 0.99], [7357.45, 5.5151], [7357.01, 2.3], [7356.93, 2.3]], "asks": [[7370.02, 1.35043148], [7370.52, 0.13734879], [7370.53, 6.0], [7372.2, 0.11], [7372.32, 7.332e-05], [7372.49, 0.00040692], [7374.53, 1.0], [7374.88, 7.332e-05], [7375.47, 3.64121981], [7376.45, 0.544]], "ts": 1577626516459}
{"bids": [[7367.73, 0.02713], [7363.29, 0.9891], [7358.84, 0.99], [7357.45, 5.5151], [7357.01, 2.3], [7356.93, 2.3], [7056.0, 0.0271454]], "asks": [[7370.02, 1.35043148], [7370.52, 0.13734879], [7370.53, 6.0], [7372.2, 0.11], [7372.32, 7.332e-05], [7372.49, 0.00040692], [7374.53, 1.0], [7374.88, 7.332e-05], [7375.47, 3.64121981], [7376.45, 0.544]], "ts": 1577626516461}
{"bids": [[7367.73, 0.02713], [7363.29, 0.9891], [7358.84, 0.99], [7357.45, 5.5151], [7357.01, 2.3], [7356.93, 2.3], [7056.0, 0.0271454]], "asks": [[7370.02, 1.35043148], [7370.52, 0.13734879], [7370.53, 6.0], [7372.2, 0.11], [7372.32, 7.332e-05], [7372.49, 0.00040692], [7374.53, 1.0], [7374.88, 7.332e-05], [7375.47, 3.64121981], [7376.45, 0.544]], "ts": 1577626516463}
{"bids": [[7367.73, 0.02713], [7363.29, 0.9891], [7358.84, 0.99], [7357.45, 5.5151], [7357.01, 2.3], [7356.93, 2.3], [7354.63, 1.0], [7056.0, 0.0271454]], "asks": [[7370.02, 1.35043148], [7370.52, 0.13734879], [7370.53, 6.0], [7372.2, 0.11], [7372.32, 7.332e-05], [7372.49, 0.00040692], [7374.53, 1.0], [7374.88, 7.332e-05], [7375.47, 3.64121981], [7376.45, 0.544]], "ts": 1577626516465}
{"bids": [[7367.73, 0.02713], [7363.29, 0.9891], [7358.84, 0.99], [7357.45, 5.5151], [7357.01, 2.3], [7356.93, 2.3], [7354.63, 1.0], [7056.0, 0.0271454]], "asks": [[7370.02, 1.35043148], [7370.52, 0.13734879], [7370.53, 6.0], [7372.2, 0.11], [7372.32, 7.332e-05], [7372.49, 0.00040692], [7374.53, 1.0], [7374.88, 7.332e-05], [7376.45, 0.544]], "ts": 1577626516466}
{"bids": [[7367.73, 0.02713], [7363.29, 0.9891], [7358.84, 0.99], [7357.45, 5.5151], [7357.01, 2.3], [7356.93, 2.3], [7354.63, 1.0], [7056.0, 0.0271454]], "asks": [[7370.02, 1.35043148], [7370.52, 0.13734879], [7370.53, 6.0], [7372.2, 0.11], [7372.32, 7.332e-05], [7372.49, 0.00040692], [7373.97, 3.64121981], [7374.53, 1.0], [7374.88, 7.332e-05], [7376.45, 0.544]], "ts": 1577626516468}
{"bids": [[7367.73, 0.02713], [7363.29, 0.9891], [7358.84, 0.99], [7357.45, 5.5151], [7357.01, 2.3], [7356.93, 2.3], [7356.58, 1.0], [7354.63, 1.0], [7056.0, 0.0271454]], "asks": [[7370.02, 1.35043148], [7370.52, 0.13734879], [7370.53, 6.0], [7372.2, 0.11], [7372.32, 7.332e-05], [7372.49, 0.00040692], [7373.97, 3.64121981], [7374.53, 1.0], [7374.88, 7.332e-05], [7376.45, 0.544]], "ts": 1577626516469}
{"bids": [[7367.73, 0.02713], [7363.29, 0.9891], [7358.84, 0.99], [7358.04, 1.0], [7357.45, 5.5151], [7357.01, 2.3], [7356.93, 2.3], [7356.58, 1.0], [7354.63, 1.0], [7056.0, 0.0271454]], "asks": [[7370.02, 1.35043148], [7370.52, 0.13734879], [7370.53, 6.0], [7372.2, 0.11], [7372.32, 7.332e-05], [7372.49, 0.00040692], [7373.97, 3.64121981], [7374.53, 1.0], [7374.88, 7.332e-05], [7376.45, 0.544]], "ts": 1577626516470}
{"bids": [[7367.73, 0.02713], [7358.84, 0.99], [7358.04, 1.0], [7357.45, 5.5151], [7357.01, 2.3], [7356.93, 2.3], [7356.58, 1.0], [7354.63, 1.0], [7056.0, 0.0271454]], "asks": [[7370.02, 1.35043148], [7370.52, 0.13734879], [7370.53, 6.0], [7372.2, 0.11], [7372.32, 7.332e-05], [7372.49, 0.00040692], [7373.97, 3.64121981], [7374.53, 1.0], [7374.88, 7.332e-05], [7376.45, 0.544]], "ts": 1577626516472}
{"bids": [[7367.73, 0.02713], [7362.31, 0.9884], [7358.84, 0.99], [7358.04, 1.0], [7357.45, 5.5151], [7357.01, 2.3], [7356.93, 2.3], [7356.58, 1.0], [7354.63, 1.0], [7056.0, 0.0271454]], "asks": [[7370.02, 1.35043148], [7370.52, 0.13734879], [7370.53, 6.0], [7372.2, 0.11], [7372.32, 7.332e-05], [7372.49, 0.00040692], [7373.97, 3.64121981], [7374.53, 1.0], [7374.88, 7.332e-05], [7376.45, 0.544]], "ts": 1577626516473}
{"bids": [[7367.73, 0.02713], [7362.31, 0.9884], [7358.84, 0.99], [7358.04, 1.0], [7357.45, 5.5151], [7357.01, 2.3], [7356.93, 2.3], [7356.58, 1.0], [7356.5, 0.25], [7354.63, 1.0]], "asks": [[7370.02, 1.35043148], [7370.52, 0.13734879], [7370.53, 6.0], [7372.2, 0.11], [7372.32, 7.332e-05], [7372.49, 0.00040692], [7373.97, 3.64121981], [7374.53, 1.0], [7374.88, 7.332e-05], [7376.45, 0.544]], "ts": 1577626516474}
{"bids": [[7367.73, 0.02713], [7362.31, 0.9884], [7358.84, 0.99], [7358.04, 1.0], [7357.45, 5.5151], [7357.01, 2.3], [7356.93, 2.3], [7356.58, 1.0], [7356.5, 0.25], [7354.63, 1.0]], "asks": [[7370.02, 1.35043148], [7370.52, 0.13734879], [7370.53, 6.0], [7372.2, 0.11], [7372.32, 7.332e-05], [7372.49, 0.00040692], [7373.97, 3.64121981], [7374.53, 1.0], [7374.88, 7.332e-05], [7376.45, 0.544]], "ts": 1577626516476}
{"bids": [[7367.73, 0.02713], [7362.31, 0.9884], [7358.04, 1.0], [7357.45, 5.5151], [7357.01, 2.3], [7356.93, 2.3], [7356.58, 1.0], [7356.5, 0.25], [7354.63, 1.0]], "asks": [[7370.02, 1.35043148], [7370.52, 0.13734879], [7370.53, 6.0], [7372.2, 0.11], [7372.32, 7.332e-05], [7372.49, 0.00040692], [7373.97, 3.64121981], [7374.53, 1.0], [7374.88, 7.332e-05], [7376.45, 0.544]], "ts": 1577626516478}
{"bids": [[7367.73, 0.02713], [7362.31, 0.9884], [7358.04, 1.0], [7357.45, 5.5151], [7357.01, 2.3], [7356.93, 2.3], [7356.58, 1.0], [7356.5, 0.25], [7354.63, 1.0], [7354.44, 0.575]], "asks": [[7370.02, 1.35043148], [7370.52, 0.13734879], [7370.53, 6.0], [7372.2, 0.11], [7372.32, 7.332e-05], [7372.49, 0.00040692], [7373.97, 3.64121981], [7374.53, 1.0], [7374.88, 7.332e-05], [7376.45, 0.544]], "ts": 1577626516480}
{"bids": [[7367.73, 0.02713], [7362.31, 0.9884], [7358.04, 1.0], [7357.45, 5.5151], [7357.01, 2.3], [7356.93, 2.3], [7356.58, 1.0], [7356.5, 0.25], [7354.63, 1.0], [7354.44, 0.575]], "asks": [[7370.02, 1.35043148], [7370.52, 0.13734879], [7370.53, 6.0], [7372.2, 0.11], [7372.32, 7.332e-05], [7372.49, 0.00040692], [7373.97, 3.64121981], [7374.53, 1.0], [7374.88, 7.332e-05], [7376.45, 0.544]], "ts": 1577626516482}
{"bids": [[7367.73, 0.02713], [7362.31, 0.9884], [7359.99, 1.0], [7358.04, 1.0], [7357.45, 5.5151], [7357.01, 2.3], [7356.93, 2.3], [7356.58, 1.0], [7356.5, 0.25], [7354.63, 1.0]], "asks": [[7370.02, 1.35043148], [7370.52, 0.13734879], [7370.53, 6.0], [7372.2, 0.11], [7372.32, 7.332e-05], [7372.49, 0.00040692], [7373.97, 3.64121981], [7374.53, 1.0], [7374.88, 7.332e-05], [7376.45, 0.544]], "ts": 1577626516483}
{"bids": [[7367.73, 0.02713], [7362.31, 0.9884], [7359.99, 1.0], [7358.04, 1.0], [7357.45, 5.5151], [7357.01, 2.3], [7356.93, 2.3], [7356.58, 1.0], [7356.5, 0.25], [7354.63, 1.0]], "asks": [[7370.02, 1.35043148], [7370.52, 0.13734879], [7370.53, 6.0], [7372.2, 0.11], [7372.32, 7.332e-05], [7372.49, 0.00040692], [7373.97, 3.64121981], [7374.53, 1.0], [7374.88, 7.332e-05], [7376.45, 0.544]], "ts": 1577626516485}
{"bids": [[7367.73, 0.02713], [7362.31, 0.9884], [7361.43, 1.0], [7359.99, 1.0], [7358.04, 1.0], [7357.45, 5.5151], [7357.01, 2.3], [7356.93, 2.3], [7356.58, 1.0], [7356.5, 0.25]], "asks": [[7370.02, 1.35043148], [7370.52, 0.13734879], [7370.53, 6.0], [7372.2, 0.11], [7372.32, 7.332e-05], [7372.49, 0.00040692], [7373.97, 3.64121981], [7374.53, 1.0], [7374.88, 7.332e-05], [7376.45, 0.544]], "ts": 1577626516486}
{"bids": [[7367.73, 0.02713], [7363.29, 1.0], [7362.31, 0.9884], [7361.43, 1.0], [7359.99, 1.0], [7358.04, 1.0], [7357.45, 5.5151], [7357.01, 2.3], [7356.93, 2.3], [7356.58, 1.0]], "asks": [[7370.02, 1.35043148], [7370.52, 0.13734879], [7370.53, 6.0], [7372.2, 0.11], [7372.32, 7.332e-05], [7372.49, 0.00040692], [7373.97, 3.64121981], [7374.53, 1.0], [7374.88, 7.332e-05], [7376.45, 0.544]], "ts": 1577626516488}
{"bids": [[7367.73, 0.02713], [7363.29, 1.0], [7362.31, 0.9884], [7361.43, 1.0], [7359.99, 1.0], [7358.04, 1.0], [7357.45, 5.5151], [7357.01, 2.3], [7356.93, 2.3], [7356.58, 1.0]], "asks": [[7370.02, 1.35043148], [7370.52, 0.13734879], [7370.53, 6.0], [7372.2, 0.11], [7372.32, 7.332e-05], [7372.49, 0.00040692], [7373.97, 3.64121981], [7374.53, 1.0], [7374.88, 7.332e-05], [7376.45, 0.544]], "ts": 1577626516489}
{"bids": [[7367.73, 0.02713], [7363.29, 1.0], [7362.31, 0.9884], [7361.43, 1.0], [7359.99, 1.0], [7358.04, 1.0], [7357.45, 5.5151], [7357.01, 2.3], [7356.93, 2.3]], "asks": [[7370.02, 1.35043148], [7370.52, 0.13734879], [7370.53, 6.0], [7372.2, 0.11], [7372.32, 7.332e-05], [7372.49, 0.00040692], [7373.97, 3.64121981], [7374.53, 1.0], [7374.88, 7.332e-05], [7376.45, 0.544]], "ts": 1577626516491}
{"bids": [[7367.73, 0.02713], [7363.29, 1.0], [7362.31, 0.9884], [7361.43, 1.0], [7359.99, 1.0], [7358.04, 1.0], [7357.45, 5.5151], [7357.01, 2.3], [7356.93, 2.3]], "asks": [[7370.02, 1.35043148], [7370.52, 0.13734879], [7370.53, 6.0], [7372.2, 0.11], [7372.32, 7.332e-05], [7372.49, 0.00040692], [7373.97, 3.64121981], [7374.53, 1.0], [7374.88, 7.332e-05], [7376.45, 0.544]], "ts": 1577626516492}
{"bids": [[7367.73, 0.02713], [7363.29, 1.0], [7362.31, 0.9884], [7361.43, 1.0], [7359.99, 1.0], [7358.04, 1.0], [7357.45, 5.5151], [7357.01, 2.3], [7356.93, 2.3]], "asks": [[7370.02, 1.35043148], [7370.52, 0.13734879], [7370.53, 6.0], [7372.2, 0.11], [7372.32, 7.332e-05], [7372.49, 0.00040692], [7373.97, 3.64121981], [7374.53, 1.0], [7374.88, 7.332e-05], [7376.45, 0.544]], "ts": 1577626516494}
{"bids": [[7367.73, 0.02713], [7363.29, 1.0], [7362.31, 0.9884], [7361.43, 1.0], [7359.99, 1.0], [7358.04, 1.0], [7357.45, 5.5151], [7357.01, 2.3], [7356.93, 2.3]], "asks": [[7370.02, 1.35043148], [7370.52, 0.13734879], [7370.53, 6.0], [7372.2, 0.11], [7372.32, 7.332e-05], [7372.49, 0.00040692], [7373.97, 3.64121981], [7374.25, 0.916], [7374.53, 1.0], [7374.88, 7.332e-05]], "ts": 1577626516496}
{"bids": [[7367.73, 0.02713], [7363.29, 1.0], [7362.31, 0.9884], [7361.43, 1.0], [7359.99, 1.0], [7358.04, 1.0], [7357.45, 5.5151], [7357.01, 2.3], [7356.93, 2.3]], "asks": [[7370.02, 1.35043148], [7370.52, 0.13734879], [7370.53, 6.0], [7372.2, 0.11], [7372.32, 7.332e-05], [7372.49, 0.00040692], [7373.97, 3.64121981], [7374.25, 0.916], [7374.53, 1.0], [7374.88, 7.332e-05]], "ts": 1577626516498}
{"bids": [[7367.73, 0.02713], [7363.29, 1.0], [7362.31, 0.9884], [7361.43, 1.0], [7359.99, 1.0], [7358.04, 1.0], [7357.45, 5.5151], [7357.01, 2.3], [7356.93, 2.3]], "asks": [[7370.02, 1.35043148], [7370.52, 0.13734879], [7370.53, 6.0], [7372.2, 0.11], [7372.32, 7.332e-05], [7372.49, 0.00040692], [7373.97, 3.64121981], [7374.25, 0.916], [7374.53, 1.0], [7374.88, 7.332e-05]], "ts": 1577626517506}
{"bids": [[7367.73, 0.02713], [7363.29, 1.0], [7362.31, 0.9884], [7361.43, 1.0], [7359.99, 1.0], [7358.04, 1.0], [7357.45, 5.5151], [7357.01, 2.3], [7356.93, 2.3], [7306.88, 10.2]], "asks": [[7370.02, 1.35043148], [7370.52, 0.13734879], [7370.53, 6.0], [7372.2, 0.11], [7372.32, 7.332e-05], [7372.49, 0.00040692], [7373.97, 3.64121981], [7374.25, 0.916], [7374.53, 1.0], [7374.88, 7.332e-05]], "ts": 1577626517784}
